@book{Deitel2017,
    author = {Deitel, P. M. and Deitel, H. M.},
    title = {{J}ava: como programar},
    publisher = {Pearson},
    address = {São Paulo},
    edition = {10},
    pages = {934},
    year = {2017}
}

@book{HeadFirst2024,
    author = {Sierra, K. and Bates, B. and Gee, T. and Ravaglia, T.},
    title = {Use a Cabeça: Java},
    publisher = {Alta Books},
    address = {Rio de Janeiro},
    edition = {3},
    pages = {702},
    year = {2024}
}

@book{Horstmann2024a,
    author = {Horstmann, C.},
    title = {Core Java: Fundamentals, Volume 1},
    publisher = {Oracle Press},
    address = {New York},
    edition = {13},
    pages = {840},
    year = {2024}
}

@book{Horstmann2024b,
    author = {Horstmann, C.},
    title = {Core Java: Advanced Features, Volume 2},
    publisher = {Oracle Press},
    address = {New York},
    edition = {13},
    pages = {992},
    year = {2024}
}

@book{Alexander1977,
    author = {Alexander, C. and Ishikawa, S. and Silverstein, M.},
    title = {A Pattern Language: towns, buildings, construction},
    publisher = {Oxford University Press},
    address = {New York},
    pages = {1171},
    year = {1977}
}

@book{Elmasri2005,
	author = {Elmasri, R. and Navathe, S.},
	title = {Sistemas de Banco de Dados},
    publisher = {Addison-Wesley},
    address = {São Paulo},
    edition = {4},
    pages = {744},
    year = {2008}
}

@book{Gamma2000,
	author = {Gamma, E. and Helm, R. and Johnson, R. and Vlissides, J.},
	title = {Padrões de Projeto: Soluções Reutilizáveis de Software Orientado a Objetos},
    publisher = {Bookman},
    address = {Porto Alegre},
    pages = {364},
    year = {2000}
}